<marc:collection xmlns:marc="http://www.loc.gov/MARC21/slim" xmlns:xsi="http://www.w3.org/2001/XMLSchema-instance" xsi:schemaLocation="http://www.loc.gov/MARC21/slim http://www.loc.gov/standards/marcxml/schema/MARC21slim.xsd">
    <marc:record type="Bibliographic">
        <marc:leader>01539cem a2200349 a 4500</marc:leader>
        <marc:controlfield tag="001">7207744</marc:controlfield>
        <marc:controlfield tag="005">20140910142342.0</marc:controlfield>
        <marc:controlfield tag="007">ay aanzn</marc:controlfield>
        <marc:controlfield tag="008">121015s1581    gw i      a     1   lat d</marc:controlfield>
        <marc:datafield tag="040" ind1=" " ind2=" ">
            <marc:subfield code="a">NjP</marc:subfield>
            <marc:subfield code="c">NjP</marc:subfield>
        </marc:datafield>
        <marc:datafield tag="034" ind1="0" ind2=" ">
            <marc:subfield code="a">a</marc:subfield>
        </marc:datafield>
        <marc:datafield tag="043" ind1=" " ind2=" ">
            <marc:subfield code="a">e-uk-en</marc:subfield>
        </marc:datafield>
        <marc:datafield tag="100" ind1="1" ind2=" ">
            <marc:subfield code="a">Braun, Georg,</marc:subfield>
            <marc:subfield code="d">1540 or 1541-1622.</marc:subfield>
        </marc:datafield>
        <marc:datafield tag="245" ind1="1" ind2="0">
            <marc:subfield code="a">Nordovicum, Angliae civitas</marc:subfield>
            <marc:subfield code="h">[map].</marc:subfield>
        </marc:datafield>
        <marc:datafield tag="255" ind1=" " ind2=" ">
            <marc:subfield code="a">Not drawn to scale.</marc:subfield>
        </marc:datafield>
        <marc:datafield tag="260" ind1=" " ind2=" ">
            <marc:subfield code="a">[Cologne :</marc:subfield>
            <marc:subfield code="b">Braun &amp; Hogenberg,</marc:subfield>
            <marc:subfield code="c">1581]</marc:subfield>
        </marc:datafield>
        <marc:datafield tag="300" ind1=" " ind2=" ">
            <marc:subfield code="a">1 map ;</marc:subfield>
            <marc:subfield code="c">34 x 43 cm.</marc:subfield>
        </marc:datafield>
        <marc:datafield tag="500" ind1=" " ind2=" ">
            <marc:subfield code="a">Bird's-eye view of Norwich, England. Relief shown pictorially.</marc:subfield>
        </marc:datafield>
        <marc:datafield tag="500" ind1=" " ind2=" ">
            <marc:subfield code="a">Includes index to points of interest.</marc:subfield>
        </marc:datafield>
        <marc:datafield tag="500" ind1=" " ind2=" ">
            <marc:subfield code="a">German text on verso with caption title: Norwich; p. 1.</marc:subfield>
        </marc:datafield>
        <marc:datafield tag="500" ind1=" " ind2=" ">
            <marc:subfield code="a">From: Beschreibung und Contrafactur der Vornembster Stät der Welt / Georgius Braun und Franciscus Hohenberg. Zu Cölln : [T. Graminaeus ... et al.], 1572-1618.</marc:subfield>
        </marc:datafield>
        <marc:datafield tag="510" ind1="4" ind2=" ">
            <marc:subfield code="a">Koeman, C.  Atlantes neerlandici (New ed.)</marc:subfield>
            <marc:subfield code="c">3109 (state 1)</marc:subfield>
        </marc:datafield>
        <marc:datafield tag="541" ind1=" " ind2=" ">
            <marc:subfield code="a">Historic Maps copy is gift of Robert A. McCabe, Princeton class of 1956.</marc:subfield>
            <marc:subfield code="5">NjP</marc:subfield>
        </marc:datafield>
        <marc:datafield tag="651" ind1=" " ind2="0">
            <marc:subfield code="a">Norwich (England)</marc:subfield>
            <marc:subfield code="v">Aerial views</marc:subfield>
            <marc:subfield code="v">Early works to 1800.</marc:subfield>
        </marc:datafield>
        <marc:datafield tag="655" ind1=" " ind2="7">
            <marc:subfield code="a">Bird's-eye views</marc:subfield>
            <marc:subfield code="z">England</marc:subfield>
            <marc:subfield code="z">Norwich</marc:subfield>
            <marc:subfield code="y">1581.</marc:subfield>
            <marc:subfield code="2">aat</marc:subfield>
        </marc:datafield>
        <marc:datafield tag="655" ind1=" " ind2="7">
            <marc:subfield code="a">Maps</marc:subfield>
            <marc:subfield code="z">England</marc:subfield>
            <marc:subfield code="z">Norwich</marc:subfield>
            <marc:subfield code="y">1581.</marc:subfield>
            <marc:subfield code="2">aat</marc:subfield>
        </marc:datafield>
        <marc:datafield tag="700" ind1="1" ind2=" ">
            <marc:subfield code="a">Braun, Georg,</marc:subfield>
            <marc:subfield code="d">1540 or 1541-1622.</marc:subfield>
            <marc:subfield code="t">Civitates orbis terrarum.</marc:subfield>
            <marc:subfield code="l">German.</marc:subfield>
        </marc:datafield>
        <marc:datafield tag="700" ind1="1" ind2=" ">
            <marc:subfield code="a">Hogenberg, Frans,</marc:subfield>
            <marc:subfield code="d">approximately 1539-1590.</marc:subfield>
        </marc:datafield>
        <marc:datafield tag="700" ind1="1" ind2=" ">
            <marc:subfield code="a">McCabe, Robert A.,</marc:subfield>
            <marc:subfield code="d">1934- ,</marc:subfield>
            <marc:subfield code="e">donor.</marc:subfield>
            <marc:subfield code="5">NjP</marc:subfield>
        </marc:datafield>
        <marc:datafield tag="856" ind1="4" ind2="1">
            <marc:subfield code="z">See the map</marc:subfield>
            <marc:subfield code="u">http://gisserver.princeton.edu/map/27329</marc:subfield>
        </marc:datafield>
        <marc:datafield tag="904" ind1=" " ind2=" ">
            <marc:subfield code="a">gls</marc:subfield>
            <marc:subfield code="b">g</marc:subfield>
            <marc:subfield code="h">n</marc:subfield>
            <marc:subfield code="c">p</marc:subfield>
            <marc:subfield code="e">20121015</marc:subfield>
        </marc:datafield>
        <marc:datafield tag="902" ind1=" " ind2=" ">
            <marc:subfield code="a">gls</marc:subfield>
            <marc:subfield code="b">o</marc:subfield>
            <marc:subfield code="6">e</marc:subfield>
            <marc:subfield code="7">m</marc:subfield>
            <marc:subfield code="d">v</marc:subfield>
            <marc:subfield code="f">1</marc:subfield>
            <marc:subfield code="e">20121015</marc:subfield>
        </marc:datafield>
    </marc:record>
    <marc:record type="Holdings">
        <marc:leader>00172nx  a22000851  4500</marc:leader>
        <marc:controlfield tag="001">7063994</marc:controlfield>
        <marc:controlfield tag="004">7207744</marc:controlfield>
        <marc:controlfield tag="005">20121015145717.0</marc:controlfield>
        <marc:controlfield tag="008">1210154u    8   1001uu   0901128</marc:controlfield>
        <marc:datafield tag="852" ind1="0" ind2=" ">
            <marc:subfield code="b">map</marc:subfield>
            <marc:subfield code="h">HMC01.4685</marc:subfield>
        </marc:datafield>
    </marc:record>
</marc:collection>
